@comment{x-kbibtex-personnameformatting=<%l><, %f>}

@inproceedings{FaugereF5,
	acmid = "780516",
	address = "New York, NY, USA",
	author = "Faug{\`e}re, Jean Charles",
	booktitle = "{Proceedings of the 2002 international symposium on Symbolic and algebraic computation}",
	isbn = "1-58113-484-3",
	location = "Lille, France",
	numpages = "9",
	pages = "75--83",
	publisher = "ACM",
	series = "{ISSAC '02}",
	title = "{A new efficient algorithm for computing Gr{\"o}bner bases without reduction to zero (F5)}",
	year = 2002
}

@inproceedings{G2V,
	acmid = "1837944",
	address = "New York, NY, USA",
	author = "Gao, Shuhong and Guan, Yinhua and Volny, IV Frank",
	booktitle = "{Proceedings of the 2010 International Symposium on Symbolic and Algebraic Computation}",
	isbn = "978-1-4503-0150-3",
	keywords = "Buchberger's algorithm; F5 algorithm; Gr{\"o}bner basis; colon ideal",
	location = "Munich, Germany",
	numpages = "7",
	pages = "13--19",
	publisher = "ACM",
	series = "{ISSAC '10}",
	title = "{A new incremental algorithm for computing Gr{\"o}bner bases}",
	year = 2010
}

@article{PracticalGB,
	author = "{Roune}, B. and {Stillman}, M.",
	howpublished = "http://broune.com/papers/issac2012.html",
	title = "{Practical Gr{\"o}bner basis computation}",
	year = 2012
}

@article{TheF5Revised,
	adsnote = "Provided by the SAO/NASA Astrophysics Data System",
	adsurl = "http://adsabs.harvard.edu/abs/2010arXiv1012.3664A",
	archiveprefix = "arXiv",
	author = "{Arri}, A. and {Perry}, J.",
	eprint = "1012.3664",
	journal = "ArXiv e-prints",
	keywords = "Mathematics - Commutative Algebra; 13P10 (Primary); 68W30; I.1.2; F.2.1",
	month = dec,
	primaryclass = "math.AC",
	title = "{The F5 Criterion revised}",
	year = 2010
}

@article{HuangConception,
	adsnote = "Provided by the SAO/NASA Astrophysics Data System",
	adsurl = "http://adsabs.harvard.edu/abs/2010arXiv1012.5425H",
	archiveprefix = "arXiv",
	author = "{Huang}, L.",
	eprint = "1012.5425",
	journal = "ArXiv e-prints",
	keywords = "Computer Science - Symbolic Computation; Mathematics - Commutative Algebra; 33F10; 68W30; F.2.1; I.1.2",
	month = dec,
	primaryclass = "cs.SC",
	title = "{A new conception for computing Gr{\"o}bner basis and its applications}",
	year = 2010
}

@article{GermanF5Proof,
	author = "{German}, O. N.",
	journal = "Mathematical Notes",
	number = "4",
	pages = "479--486",
	title = "{Proof of the Faug{\`e}re criterion for the F5 algorithm}",
	volume = "88",
	year = 2010
}

@book{KreuzerRobbianoBook1,
	address = "Berlin",
	author = "{Kreuzer}, Martin and {Robbiano}, Lorenzo",
	isbn = "3-540-67733-X",
	mrclass = "13P10 (13-01)",
	mrnumber = "MR1790326 (2001j:13027)",
	mrreviewer = "John B. Little",
	pages = "x+321",
	publisher = "Springer-Verlag",
	title = "{Computational commutative algebra. 1}",
	year = 2000
}

@article{SignatureBasedGBs,
	adsnote = "Provided by the SAO/NASA Astrophysics Data System",
	adsurl = "http://adsabs.harvard.edu/abs/2011arXiv1101.3589E",
	archiveprefix = "arXiv",
	author = "{Eder}, C. and {Perry}, J.",
	eprint = "1101.3589",
	journal = "ArXiv e-prints",
	keywords = "Mathematics - Commutative Algebra; Computer Science - Symbolic Computation; 13P10 (primary); 68W30; I.1.2; F.2.1",
	month = jan,
	primaryclass = "math.AC",
	title = "{Signature-based algorithms to compute Gr{\"o}bner bases}",
	year = 2011
}

@article{F5C,
	adsnote = "Provided by the SAO/NASA Astrophysics Data System",
	adsurl = "http://adsabs.harvard.edu/abs/2009arXiv0906.2967E",
	archiveprefix = "arXiv",
	author = "{Eder}, C. and {Perry}, J.",
	eprint = "0906.2967",
	journal = "ArXiv e-prints",
	keywords = "Mathematics - Commutative Algebra; Mathematics - Algebraic Geometry; 13P10 (Primary); 16W30 (Secondary)",
	month = jun,
	primaryclass = "math.AC",
	title = "{F5C: a variant of Faug{\`e}re's F5 algorithm with reduced Gr{\"o}bner bases}",
	year = 2009
}

@article{F5InBBStyle,
	adsnote = "Provided by the SAO/NASA Astrophysics Data System",
	adsurl = "http://adsabs.harvard.edu/abs/2010arXiv1006.5299S",
	archiveprefix = "arXiv",
	author = "{Sun}, Y. and {Wang}, D.",
	eprint = "1006.5299",
	journal = "ArXiv e-prints",
	keywords = "Computer Science - Symbolic Computation",
	month = jun,
	primaryclass = "cs.SC",
	title = "{The F5 Algorithm in Buchberger's Style}",
	year = 2010
}

@article{ZobninGeneralization,
	acmid = "1773731",
	address = "New York, NY, USA",
	author = "Zobnin, A. I.",
	doi = "10.1134/S0361768810020040",
	issn = "0361-7688",
	issue_date = "March 2010",
	journal = "Programming and Computing Software",
	month = mar,
	number = "2",
	numpages = "8",
	pages = "75--82",
	publisher = "Plenum Press",
	title = "{Generalization of the F5 algorithm for calculating Gr{\"o}bner bases for polynomial ideals}",
	url = "http://dx.doi.org/10.1134/S0361768810020040",
	volume = "36",
	year = 2010
}

@article{Modifying-for-termination,
	abstract = {The structure of the F5 algorithm to compute Gr{\"o}bner bases makes it very efficient. However, while it is believed to terminate for so-called regular sequences, it is not clear whether it terminates for all inputs. This paper has two major parts. In the first part, we describe in detail the difficulties related to a proof of termination. In the second part, we explore three variants that ensure termination. Two of these have appeared previously only in dissertations, and ensure termination by checking for a Gr{\"o}bner basis using traditional criteria. The third variant, F5+, identifies a degree bound using a distinction between "necessary" and "redundant" critical pairs that follows from the analysis in the first part. Experimental evidence suggests this third approach is the most efficient of the three.},
	archiveprefix = "arXiv",
	author = "Eder, Christian and Gash, Justin and Perry, John",
	comment = "published = 2010-06-02T08:00:08Z, updated = 2010-12-31T14:16:45Z, 19 pages, 1 table",
	eprint = "1006.0318v4",
	journal = "ACM Communications in Computer Algebra, Issue 176, vol. 45, no. 2 (June 2011), pgs. 70-89",
	month = dec,
	primaryclass = "math.AC",
	title = "{Modifying Faug{\`e}re's F5 Algorithm to ensure termination}",
	url = "http://arxiv.org/abs/1006.0318v4; http://arxiv.org/pdf/1006.0318v4",
	x-fetchedfrom = "arXiv.org",
	year = "2010"
}

@book{Baader.Nipkow98Term,
	added-at = "2008-04-23T16:38:41.000+0200",
	address = "United Kingdom",
	author = "Baader, Franz and Nipkow, Tobias",
	biburl = "http://www.bibsonomy.org/bibtex/23bc649a2dc83ea65141168434f59c993/mh",
	interhash = "55a1fd6c39ccb0cd10a37e91fa193aaa",
	intrahash = "3bc649a2dc83ea65141168434f59c993",
	keywords = "imported",
	publisher = "Cambridge University Press",
	title = "{Term Rewriting and All That}",
	x-fetchedfrom = "Bibsonomy",
	year = 1998
}

@article{Hashemi-ExtF5,
	added-at = "2010-10-05T00:00:00.000+0200",
	author = "Hashemi, Amir and Ars, Gw{\'e}nol{\'e}",
	interhash = "fd125f004ae8a9809f5b42781da3be8c",
	intrahash = "378afd0b3fe7713206ae587a599d1565",
	journal = "J. Symb. Comput.",
	keywords = "dblp",
	number = 12,
	pages = "1330--1340",
	title = "{Extended F5 criteria}",
	url = "http://www.bibsonomy.org/bibtex/2378afd0b3fe7713206ae587a599d1565/dblp",
	volume = 45,
	x-fetchedfrom = "Bibsonomy",
	year = 2010
}

@article{F5-revisited,
	added-at = "2011-12-05T00:00:00.000+0100",
	author = "Stegers, Till",
	interhash = "ad4339095a77c38d23ef6c0038132f55",
	intrahash = "fe6c121f0c15f26d7f0902c5c1387cba",
	journal = "IACR Cryptology ePrint Archive",
	keywords = "dblp",
	pages = 404,
	title = "{Faugere's F5 Algorithm Revisited.}",
	url = "http://www.bibsonomy.org/bibtex/2fe6c121f0c15f26d7f0902c5c1387cba/dblp",
	volume = 2006,
	x-fetchedfrom = "Bibsonomy",
	year = 2006
}

@phdthesis{Gash:2008:ECG,
	address = "Indianapolis, IN, USA",
	author = "Gash, Justin M.",
	isbn = "978-0-549-86939-9",
	publisher = "Indiana University",
	school = "Indiana University",
	title = "{On efficient computation of Gr{\"o}bner bases}",
	year = "2008"
}

@techreport{Ars05applicationsdes,
	author = "Ars, Gwenole",
	institution = "",
	title = "{Applications des bases de Gr{\"o}bner {\`a} la cryptographie}",
	year = "2005"
}

@article{2012GrbTermination,
	adsnote = "Provided by the SAO/NASA Astrophysics Data System",
	adsurl = "http://adsabs.harvard.edu/abs/2012arXiv1202.3524P",
	archiveprefix = "arXiv",
	author = "{Pan}, S. and {Hu}, Y. and {Wang}, B.",
	eprint = "1202.3524",
	journal = "ArXiv e-prints",
	keywords = "Mathematics - Commutative Algebra",
	month = feb,
	primaryclass = "math.AC",
	title = "{The Termination of Algorithms for Computing Gr{\"o}bner Bases}",
	year = 2012
}

@article{GermanF5Proof_ru,
	author = "{Герман}, О. Н.",
	journal = "Матем. заметки",
	number = "4",
	pages = "502--510",
	title = "{Доказательство критерия Фожера для алгоритма F5}",
	volume = "88",
	year = 2010
}

@article{ZobninGeneralization_ru,
	author = "Зобнин, А. И.",
	journal = "Программирование",
	number = "2",
	pages = "21--30",
	publisher = "Наука",
	title = "{Обобщение алгоритма F5 вычисления базиса Грёбнера полиномиальных идеалов}",
	year = 2010
}

