@article{Arri:2011:FCR:2007509.2007761,
  author={Arri, Alberto and Perry, John},
  title={The F5 criterion revised},
  journal={J. Symb. Comput.},
  issue_date={September, 2011},
  volume={46},
  number={9},
  month={sep},
  year={2011},
  issn={0747-7171},
  pages={1017--1029},
  numpages={13},
  acmid={2007761},
  publisher={Academic Press, Inc.},
  address={Duluth, MN, USA},
  keywords={F5, Gr\"{o}bner bases, Syzygies}
}

@inproceedings{Gao:2010:NIA:1837934.1837944,
  author={Gao, Shuhong and Guan, Yinhua and Volny,IV, Frank},
  title={A new incremental algorithm for computing Groebner bases},
  booktitle={Proceedings of the 2010 International Symposium on Symbolic and Algebraic
    Computation},
  series={ISSAC '10},
  year={2010},
  isbn={978-1-4503-0150-3},
  location={Munich, Germany},
  pages={13--19},
  numpages={7},
  acmid={1837944},
  publisher={ACM},
  address={New York, NY, USA},
  keywords={Buchberger's algorithm, F5 algorithm, Gr\"{o}bner basis, colon ideal}
}

@inproceedings{Faugere:2002:NEA:780506.780516,
  author={Faug\`{e}re, Jean Charles},
  title={A new efficient algorithm for computing Gr\"{o}bner bases without reduction
    to zero (F5)},
  booktitle={Proceedings of the 2002 international symposium on Symbolic and algebraic
    computation},
  series={ISSAC '02},
  year={2002},
  isbn={1-58113-484-3},
  location={Lille, France},
  pages={75--83},
  numpages={9},
  acmid={780516},
  publisher={ACM},
  address={New York, NY, USA}
}

@inproceedings{Eder:2011:SAC:1993886.1993906,
  author={Eder, Christian and Perry, John Edward},
  title={Signature-based algorithms to compute Gr\"{o}bner bases},
  booktitle={Proceedings of the 36th international symposium on Symbolic and algebraic
    computation},
  series={ISSAC '11},
  year={2011},
  isbn={978-1-4503-0675-1},
  location={San Jose, California, USA},
  pages={99--106},
  numpages={8},
  acmid={1993906},
  publisher={ACM},
  address={New York, NY, USA},
  keywords={Gr\"{o}bner bases, f5 algorithm, g2v algorithm}
}

@Book{KreuzerRobbianoBook1,
  AUTHOR={Kreuzer, Martin and Robbiano, Lorenzo},
  TITLE={Computational commutative algebra. 1},
  PUBLISHER={Springer-Verlag},
  ADDRESS={Berlin},
  YEAR={2000},
  PAGES={x+321},
  ISBN={3-540-67733-X},
  MRCLASS={13P10 (13-01)},
  MRNUMBER={MR1790326 (2001j:13027)},
  MRREVIEWER={John B. Little}
}

@misc{1012.5425,
  Author={Lei Huang},
  Title={A new conception for computing gr{\"o}bner basis and its applications},
  Year={2010},
  Eprint={arXiv:1012.5425}
}

