@comment{x-kbibtex-personnameformatting=<%l><, %s><, %f>}

@article{Termination_of_Original_F5_arXiv,
	archiveprefix = "arXiv",
	author = "{Galkin}, V.",
	eprint = "1203.2402",
	journal = "ArXiv e-prints",
	keywords = "Mathematics - Commutative Algebra",
	month = mar,
	primaryclass = "math.AC",
	title = "{Termination of Original F5}",
	year = 2012
}

@article{SSG-arXiv,
	archiveprefix = "arXiv",
	author = "{Galkin}, V.",
	eprint = "1205.6050",
	journal = "ArXiv e-prints",
	keywords = "Mathematics - Commutative Algebra",
	month = may,
	primaryclass = "math.AC",
	title = "{Simple signature-based Groebner basis algorithm}",
	year = 2012
}

@article{AleGalZob08,
	author = "Александров, Д. Е. and Галкин, В. В. and Зобнин, А. И. and Левин, М. В.",
	journal = "Фундамент. и прикл. матем.",
	language = "russian",
	mypart = "{В. Галкину принадлежат разделы 4 и 5, содержащие описание распараллеливания алгоритма F4 и анализ эффективности авторедукции}",
	number = "4",
	pages = "35--64",
	title = "{Распараллеливание матричных алгоритмов вычисления базисов Грёбнера}",
	volume = "14",
	year = "2008"
}

@article{SSG_Rus,
	author = "Галкин, В. В.",
	journal = "Вестник МГУ",
	language = "russian",
	title = "{Простой итеративный алгоритм вычисления базисов Грёбнера, основанный на сигнатурах}",
	number = "5",
	pages = "20--25",
	year = "2013"
}

article{Termination_of_Original_F5_Rus,
	author = "Галкин, В. В.",
	journal = "Программирование",
	language = "russian",
	title = "{Остановка Алгоритма F5}",
	year = "201?"
}

