@inproceedings{FaugereF5,
	address = "New York, USA",
	author = "Faug{\`e}re, Jean Charles",
	booktitle = "{Proceedings of the 2002 international symposium on Symbolic and algebraic computation}",
	location = "Lille, France",
	numpages = "9",
	pages = "75--83",
	series = "{ISSAC'02}",
	title = "{A new efficient algorithm for computing Gr{\"o}bner bases without reduction to zero (F5)}",
	year = 2002
}

@manual{GVW,
	author = "Gao, Shuhong and IV, Frank Volny and Wang, Mingsheng",
	howpublished = "Cryptology ePrint Archive, Report 2010/641",
	month = "10",
	title = "{A new algorithm for computing Gr{\"o}bner bases}",
	year = "2010"
}

@article{GroebnerInExtFields,
	author = "Faug{\`e}re, Jean-Charles and Liang, Ye",
	journal = "Mathematics in Computer Science",
	number = 2,
	pages = "179--194",
	title = "{Pivoting in Extended Rings for Computing Approximate Gr{\"o}bner Bases}",
	volume = 5,
	year = 2011
}

@inproceedings{ModularTraverso,
	address = "New York, NY, USA",
	author = "Traverso, Carlo and Zanoni, Alberto",
	booktitle = "{Proceedings of the 2002 international symposium on Symbolic and algebraic computation}",
	pages = "262--269",
	series = "{ISSAC'02}",
	title = "{Numerical stability and stabilization of Groebner basis computation}",
	year = "2002"
}
